@ARTICLE{RockUr,
    author = {R. Tyrrell Rockafellar and Stanislav Uryasev},
    title = {Conditional value-at-risk for general loss distributions},
    journal = {Journal of Banking and Finance},
    year = {2002},
    pages = {1443--1471}
}